@misc{wi,
    author = {{Wikipedia}},
    title = {{Travelling salesman problem 
        --- Wikipedia, The Free Encyclopedia}},
    url = {http://en.wikipedia.org/wiki/Travelling_salesman_problem}
}
@misc{ch,
    author = {{Wikipedia}},
    title = {{Christofides algorithm
        --- Wikipedia, The Free Encyclopedia}},
    url = {http://en.wikipedia.org/wiki/Christofides_algorithm}
}
@misc{fw,
    author = {{Wikipedia}},
    title = {{Floydâ€“Warshall algorithm
        --- Wikipedia, The Free Encyclopedia}},
    url = {http://en.wikipedia.org/wiki/Floyd-Warshall_algorithm}
}
@misc{jo,
    author = {{Wikipedia}},
    title = {{Johnson's algorithm
        --- Wikipedia, The Free Encyclopedia}},
    url = {http://en.wikipedia.org/wiki/Johnson's_algorithm}
}
@misc{pr,
    author = {{Wikipedia}},
    title = {{Prim's algorithm
        --- Wikipedia, The Free Encyclopedia}},
    url = {http://en.wikipedia.org/wiki/Prim's_algorithm}
}
@misc{bl,
    author = {{Wikipedia}},
    title = {{Blossom algorithm
        --- Wikipedia, The Free Encyclopedia}},
    url = {http://en.wikipedia.org/wiki/Blossom_algorithm}
}
@misc{di,
    author = {{Wikipedia}},
    title = {{Dijkstra's algorithm
        --- Wikipedia, The Free Encyclopedia}},
    url = {http://en.wikipedia.org/wiki/Dijkstra's_algorithm}
}
@misc{tsplib,
    author = {{Gerhard Reinelt}},
    title = {{TSPLIB}},
    url = {http://comopt.ifi.uni-heidelberg.de/software/TSPLIB95/}
}
@misc{ai,
    author = {{Jarmo Isotalo}},
    title = {{AI Odyssey --- Challenge1}},
    url = {https://github.com/AIOdyssey/wiki/wiki/Challenge1}
}
@misc{cmake,
    author = {{Kitware}},
    title = {{CMake}},
    url = {http://www.cmake.org}
}
@misc{gtest,
    author = {{Google}},
    title = {{Google Test}},
    url = {http://code.google.com/p/googletest/}
}
@misc{doxygen,
    author = {{Dimitri van Heesch}},
    title = {{Doxygen}},
    url = {http://www.stack.nl/~dimitri/doxygen/}
}
@misc{latex,
    author = {{Leslie Lamport}},
    title = {{\LaTeX}},
    url = {http://www.latex-project.org/}
}
@misc{bg,
    author = {{Jeremy Siek}},
    title = {{Boost Graph Library}},
    url = {http://www.boost.org/doc/libs/1_55_0/libs/graph/doc/index.html}
}
